@inproceedings{lakshminarayanan2017simple,
  title={Simple and scalable predictive uncertainty estimation using deep ensembles},
  author={Lakshminarayanan, Balaji and Pritzel, Alexander and Blundell, Charles},
  booktitle={Advances in Neural Information Processing Systems},
  pages={6402--6413},
  year={2017}
}
@article{mandelbaum2017distance,
  title={Distance-based Confidence Score for Neural Network Classifiers},
  author={Mandelbaum, Amit and Weinshall, Daphna},
  journal={arXiv preprint arXiv:1709.09844},
  year={2017}
}
@article{devries2018learning,
  title={Learning Confidence for Out-of-Distribution Detection in Neural Networks},
  author={DeVries, Terrance and Taylor, Graham W},
  journal={arXiv preprint arXiv:1802.04865},
  year={2018}
}
@article{simonyan2014very,
  title={Very deep convolutional networks for large-scale image recognition},
  author={Simonyan, Karen and Zisserman, Andrew},
  journal={arXiv preprint arXiv:1409.1556},
  year={2014}
}
@article{hinton2012deep,
  title={Deep neural networks for acoustic modeling in speech recognition: The shared views of four research groups},
  author={Hinton, Geoffrey and Deng, Li and Yu, Dong and Dahl, George E and Mohamed, Abdel-rahman and Jaitly, Navdeep and Senior, Andrew and Vanhoucke, Vincent and Nguyen, Patrick and Sainath, Tara N and others},
  journal={IEEE Signal processing magazine},
  volume={29},
  number={6},
  pages={82--97},
  year={2012},
  publisher={IEEE}
}
@article{mikolov2013efficient,
  title={Efficient estimation of word representations in vector space},
  author={Mikolov, Tomas and Chen, Kai and Corrado, Greg and Dean, Jeffrey},
  journal={arXiv preprint arXiv:1301.3781},
  year={2013}
}
@article{lecun1998gradient,
  title={Gradient-based learning applied to document recognition},
  author={LeCun, Yann and Bottou, L{\'e}on and Bengio, Yoshua and Haffner, Patrick},
  journal={Proceedings of the IEEE},
  volume={86},
  number={11},
  pages={2278--2324},
  year={1998},
  publisher={IEEE}
}
@article{deng2012mnist,
  title={The MNIST database of handwritten digit images for machine learning research [best of the web]},
  author={Deng, Li},
  journal={IEEE Signal Processing Magazine},
  volume={29},
  number={6},
  pages={141--142},
  year={2012},
  publisher={IEEE}
}
@misc{lecunmnist,
    title={MNIST Handwritten digits Database},
    author={Yann LeCun, Corinna Cortes, Christopher J.C. Burges},
    year={1999},
    howpublished={\url{http://yann.lecun.com/exdb/mnist/index.html}}
}   
@book{Goodfellow-et-al-2016,
    title={Deep Learning},
    author={Ian Goodfellow and Yoshua Bengio and Aaron Courville},
    publisher={MIT Press},
    note={\url{http://www.deeplearningbook.org}},
    year={2016}
}
@inproceedings{kozielski2012moment,
  title={Moment-based image normalization for handwritten text recognition},
  author={Kozielski, Michal and Forster, Jens and Ney, Hermann},
  booktitle={Frontiers in Handwriting Recognition (ICFHR), 2012 International Conference on},
  pages={256--261},
  year={2012},
  organization={IEEE}
}

@misc{aiindex2018,
  title={AI Index Annual Report},
  author={AI Index},
  year={2018},
  howpublished={\url{http://cdn.aiindex.org/2018/AI\%20Index\%202018\%20Annual\%20Report.pdf}}
}

@misc{forbesaireport2018,
  title={10 Charts That Will Change Your Perspective On Artificial Intelligence's Growth},
  author={Louis Columbus},
  year={2018},
  month=january,
  howpublished={\url{https://www.forbes.com/sites/louiscolumbus/2018/01/12/10-charts-that-will-change-your-perspective-on-artificial-intelligences-growth/\#24d3183e4758}}
}

@inproceedings{lopez2017alexa,
  title={Alexa vs. Siri vs. Cortana vs. Google Assistant: a comparison of speech-based natural user interfaces},
  author={L{\'o}pez, Gustavo and Quesada, Luis and Guerrero, Luis A},
  booktitle={International Conference on Applied Human Factors and Ergonomics},
  pages={241--250},
  year={2017},
  organization={Springer}
}

@article{silver2016mastering,
  title={Mastering the game of Go with deep neural networks and tree search},
  author={Silver, David and Huang, Aja and Maddison, Chris J and Guez, Arthur and Sifre, Laurent and Van Den Driessche, George and Schrittwieser, Julian and Antonoglou, Ioannis and Panneershelvam, Veda and Lanctot, Marc and others},
  journal={nature},
  volume={529},
  number={7587},
  pages={484},
  year={2016},
  publisher={Nature Publishing Group}
}

@article{silver2017mastering,
  title={Mastering the game of go without human knowledge},
  author={Silver, David and Schrittwieser, Julian and Simonyan, Karen and Antonoglou, Ioannis and Huang, Aja and Guez, Arthur and Hubert, Thomas and Baker, Lucas and Lai, Matthew and Bolton, Adrian and others},
  journal={Nature},
  volume={550},
  number={7676},
  pages={354},
  year={2017},
  publisher={Nature Publishing Group}
}

@article{mehligcourseslides,
  author    = {B. Mehlig},
  title     = {Artificial Neural Networks},
  journal   = {CoRR},
  volume    = {abs/1901.05639},
  year      = {2019},
  url       = {http://arxiv.org/abs/1901.05639},
  archivePrefix = {arXiv},
  eprint    = {1901.05639},
  timestamp = {Fri, 01 Feb 2019 13:39:59 +0100},
  biburl    = {https://dblp.org/rec/bib/journals/corr/abs-1901-05639},
  bibsource = {dblp computer science bibliography, https://dblp.org}
}

@article{vinyals2017starcraft,
  title={Starcraft ii: A new challenge for reinforcement learning},
  author={Vinyals, Oriol and Ewalds, Timo and Bartunov, Sergey and Georgiev, Petko and Vezhnevets, Alexander Sasha and Yeo, Michelle and Makhzani, Alireza and K{\"u}ttler, Heinrich and Agapiou, John and Schrittwieser, Julian and others},
  journal={arXiv preprint arXiv:1708.04782},
  year={2017}
}

@inproceedings{justesen2017learning,
  title={Learning macromanagement in starcraft from replays using deep learning},
  author={Justesen, Niels and Risi, Sebastian},
  booktitle={2017 IEEE Conference on Computational Intelligence and Games (CIG)},
  pages={162--169},
  year={2017},
  organization={IEEE}
}

@inproceedings{krizhevsky2012imagenet,
  title={Imagenet classification with deep convolutional neural networks},
  author={Krizhevsky, Alex and Sutskever, Ilya and Hinton, Geoffrey E},
  booktitle={Advances in neural information processing systems},
  pages={1097--1105},
  year={2012}
}

@inproceedings{dos2014deep,
  title={Deep convolutional neural networks for sentiment analysis of short texts},
  author={Dos Santos, Cicero and Gatti, Maira},
  booktitle={Proceedings of COLING 2014, the 25th International Conference on Computational Linguistics: Technical Papers},
  pages={69--78},
  year={2014}
}

@inproceedings{ptavcek2014sarcasm,
  title={Sarcasm detection on czech and english twitter},
  author={Pt{\'a}{\v{c}}ek, Tom{\'a}{\v{s}} and Habernal, Ivan and Hong, Jun},
  booktitle={Proceedings of COLING 2014, the 25th International Conference on Computational Linguistics: Technical Papers},
  pages={213--223},
  year={2014}
}

@article{poria2016deeper,
  title={A deeper look into sarcastic tweets using deep convolutional neural networks},
  author={Poria, Soujanya and Cambria, Erik and Hazarika, Devamanyu and Vij, Prateek},
  journal={arXiv preprint arXiv:1610.08815},
  year={2016}
}

@inproceedings{zhang2016learning,
  title={Learning deep control policies for autonomous aerial vehicles with mpc-guided policy search},
  author={Zhang, Tianhao and Kahn, Gregory and Levine, Sergey and Abbeel, Pieter},
  booktitle={2016 IEEE international conference on robotics and automation (ICRA)},
  pages={528--535},
  year={2016},
  organization={IEEE}
}

@article{huval2015empirical,
  title={An empirical evaluation of deep learning on highway driving},
  author={Huval, Brody and Wang, Tao and Tandon, Sameep and Kiske, Jeff and Song, Will and Pazhayampallil, Joel and Andriluka, Mykhaylo and Rajpurkar, Pranav and Migimatsu, Toki and Cheng-Yue, Royce and others},
  journal={arXiv preprint arXiv:1504.01716},
  year={2015}
}
@article{koch2016computer,
  title={How the computer beat the go player},
  author={Koch, Christof},
  journal={Sci Am Mind},
  volume={27},
  pages={20--23},
  year={2016}
}
@article{lecun2015deep,
  title={Deep learning},
  author={LeCun, Yann and Bengio, Yoshua and Hinton, Geoffrey},
  journal={nature},
  volume={521},
  number={7553},
  pages={436},
  year={2015},
  publisher={Nature Publishing Group}
}
@inproceedings{nguyen2015deep,
  title={Deep neural networks are easily fooled: High confidence predictions for unrecognizable images},
  author={Nguyen, Anh and Yosinski, Jason and Clune, Jeff},
  booktitle={Proceedings of the IEEE conference on computer vision and pattern recognition},
  pages={427--436},
  year={2015}
}
@article{pomerleau1991efficient,
  title={Efficient training of artificial neural networks for autonomous navigation},
  author={Pomerleau, Dean A},
  journal={Neural Computation},
  volume={3},
  number={1},
  pages={88--97},
  year={1991},
  publisher={MITP}
}
@article{lipton2015learning,
  title={Learning to diagnose with LSTM recurrent neural networks},
  author={Lipton, Zachary C and Kale, David C and Elkan, Charles and Wetzel, Randall},
  journal={arXiv preprint arXiv:1511.03677},
  year={2015}
}
@inproceedings{quinonero2006evaluating,
  title={Evaluating predictive uncertainty challenge},
  author={Quinonero-Candela, Joaquin and Rasmussen, Carl Edward and Sinz, Fabian and Bousquet, Olivier and Sch{\"o}lkopf, Bernhard},
  booktitle={Machine Learning Challenges Workshop},
  pages={1--27},
  year={2005},
  organization={Springer}
}
@article{zhang1999geometrical,
  title={A geometrical representation of McCulloch-Pitts neural model and its applications},
  author={Zhang, Ling and Zhang, Bo},
  journal={IEEE Transactions on Neural Networks},
  volume={10},
  number={4},
  pages={925--929},
  year={1999},
  publisher={IEEE}
}
@article{jaynes1957information,
  title={Information theory and statistical mechanics},
  author={Jaynes, Edwin T},
  journal={Physical review},
  volume={106},
  number={4},
  pages={620},
  year={1957},
  publisher={APS}
}
@article{shannon1948mathematical,
  title={A mathematical theory of communication},
  author={Shannon, Claude Elwood},
  journal={Bell system technical journal},
  volume={27},
  number={3},
  pages={379--423},
  year={1948},
  publisher={Wiley Online Library}
}
@article{lee2015m,
  title={Why M heads are better than one: Training a diverse ensemble of deep networks},
  author={Lee, Stefan and Purushwalkam, Senthil and Cogswell, Michael and Crandall, David and Batra, Dhruv},
  journal={arXiv preprint arXiv:1511.06314},
  year={2015}
}
@inproceedings{abadi2016tensorflow,
  title={Tensorflow: A system for large-scale machine learning},
  author={Abadi, Mart{\'\i}n and Barham, Paul and Chen, Jianmin and Chen, Zhifeng and Davis, Andy and Dean, Jeffrey and Devin, Matthieu and Ghemawat, Sanjay and Irving, Geoffrey and Isard, Michael and others},
  booktitle={12th $\{$USENIX$\}$ Symposium on Operating Systems Design and Implementation ($\{$OSDI$\}$ 16)},
  pages={265--283},
  year={2016}
}
@article{van2011numpy,
  title={The NumPy array: a structure for efficient numerical computation},
  author={Van Der Walt, Stefan and Colbert, S Chris and Varoquaux, Gael},
  journal={Computing in Science \& Engineering},
  volume={13},
  number={2},
  pages={22},
  year={2011},
  publisher={IEEE Computer Society}
}
@book{bressert2012scipy,
  title={SciPy and NumPy: an overview for developers},
  author={Bressert, Eli},
  year={2012},
  publisher={" O'Reilly Media, Inc."}
}
@book{chollet2018deep,
  title={Deep Learning mit Python und Keras: Das Praxis-Handbuch vom Entwickler der Keras-Bibliothek},
  author={Chollet, Francois},
  year={2018},
  publisher={MITP-Verlags GmbH \& Co. KG}
}
@book{gulli2017deep,
  title={Deep Learning with Keras},
  author={Gulli, Antonio and Pal, Sujit},
  year={2017},
  publisher={Packt Publishing Ltd}
}

@inproceedings{gal2016dropout,
  title={Dropout as a bayesian approximation: Representing model uncertainty in deep learning},
  author={Gal, Yarin and Ghahramani, Zoubin},
  booktitle={international conference on machine learning},
  pages={1050--1059},
  year={2016}
}

@article{amodei2016concrete,
  title={Concrete problems in AI safety},
  author={Amodei, Dario and Olah, Chris and Steinhardt, Jacob and Christiano, Paul and Schulman, John and Man{\'e}, Dan},
  journal={arXiv preprint arXiv:1606.06565},
  year={2016}
}

@inproceedings{lowd2005adversarial,
  title={Adversarial learning},
  author={Lowd, Daniel and Meek, Christopher},
  booktitle={Proceedings of the eleventh ACM SIGKDD international conference on Knowledge discovery in data mining},
  pages={641--647},
  year={2005},
  organization={ACM}
}

@inproceedings{tian2018deeptest,
  title={Deeptest: Automated testing of deep-neural-network-driven autonomous cars},
  author={Tian, Yuchi and Pei, Kexin and Jana, Suman and Ray, Baishakhi},
  booktitle={Proceedings of the 40th international conference on software engineering},
  pages={303--314},
  year={2018},
  organization={ACM}
}

@article{bojarski2016end,
  title={End to end learning for self-driving cars},
  author={Bojarski, Mariusz and Del Testa, Davide and Dworakowski, Daniel and Firner, Bernhard and Flepp, Beat and Goyal, Prasoon and Jackel, Lawrence D and Monfort, Mathew and Muller, Urs and Zhang, Jiakai and others},
  journal={arXiv preprint arXiv:1604.07316},
  year={2016}
}

@article{miotto2017deep,
  title={Deep learning for healthcare: review, opportunities and challenges},
  author={Miotto, Riccardo and Wang, Fei and Wang, Shuang and Jiang, Xiaoqian and Dudley, Joel T},
  journal={Briefings in bioinformatics},
  volume={19},
  number={6},
  pages={1236--1246},
  year={2017},
  publisher={Oxford University Press}
}

@article{hopfield1984neurons,
  title={Neurons with graded response have collective computational properties like those of two-state neurons},
  author={Hopfield, John J},
  journal={Proceedings of the national academy of sciences},
  volume={81},
  number={10},
  pages={3088--3092},
  year={1984},
  publisher={National Acad Sciences}
}

@Article{McCulloch1943,
author="McCulloch, Warren S.
and Pitts, Walter",
title="A logical calculus of the ideas immanent in nervous activity",
journal="The bulletin of mathematical biophysics",
year="1943",
month="Dec",
day="01",
volume="5",
number="4",
pages="115--133",
abstract="Because of the ``all-or-none'' character of nervous activity, neural events and the relations among them can be treated by means of propositional logic. It is found that the behavior of every net can be described in these terms, with the addition of more complicated logical means for nets containing circles; and that for any logical expression satisfying certain conditions, one can find a net behaving in the fashion it describes. It is shown that many particular choices among possible neurophysiological assumptions are equivalent, in the sense that for every net behaving under one assumption, there exists another net which behaves under the other and gives the same results, although perhaps not in the same time. Various applications of the calculus are discussed.",
issn="1522-9602",
doi="10.1007/BF02478259",
url="https://doi.org/10.1007/BF02478259"
}

@book{rogers2016first,
  title={A first course in machine learning},
  author={Rogers, Simon and Girolami, Mark},
  year={2016},
  publisher={Chapman and Hall/CRC}
}

@article{li2018research,
  title={Research and development of neural network ensembles: a survey},
  author={Li, Hui and Wang, Xuesong and Ding, Shifei},
  journal={Artificial Intelligence Review},
  volume={49},
  number={4},
  pages={455--479},
  year={2018},
  publisher={Springer}
}

@article{zhou2002ensembling,
  title={Ensembling neural networks: many could be better than all},
  author={Zhou, Zhi-Hua and Wu, Jianxin and Tang, Wei},
  journal={Artificial intelligence},
  volume={137},
  number={1-2},
  pages={239--263},
  year={2002},
  publisher={Elsevier}
}

@article{tang2013deep,
  title={Deep learning using linear support vector machines},
  author={Tang, Yichuan},
  journal={arXiv preprint arXiv:1306.0239},
  year={2013}
}

@article{hansen1990neural,
  title={Neural network ensembles},
  author={Hansen, Lars Kai and Salamon, Peter},
  journal={IEEE Transactions on Pattern Analysis \& Machine Intelligence},
  number={10},
  pages={993--1001},
  year={1990},
  publisher={IEEE}
}

@article{kullback1951information,
  title={On information and sufficiency},
  author={Kullback, Solomon and Leibler, Richard A},
  journal={The annals of mathematical statistics},
  volume={22},
  number={1},
  pages={79--86},
  year={1951},
  publisher={JSTOR}
}

@article{van2014renyi,
  title={R{\'e}nyi divergence and Kullback-Leibler divergence},
  author={Van Erven, Tim and Harremos, Peter},
  journal={IEEE Transactions on Information Theory},
  volume={60},
  number={7},
  pages={3797--3820},
  year={2014},
  publisher={IEEE}
}

@article{barkdeep,
  title={A deep learning approach for identifying sarcasm in text},
  author={BARK, OSCAR and GRIGORIADIS, ANDREAS and PETTERSSON, JAN and RISNE, VICTOR and SIITOVA, ADELE and YANG, HENRY}
}

@article{gardner1998artificial,
  title={Artificial neural networks (the multilayer perceptron)—a review of applications in the atmospheric sciences},
  author={Gardner, Matt W and Dorling, SR},
  journal={Atmospheric environment},
  volume={32},
  number={14-15},
  pages={2627--2636},
  year={1998},
  publisher={Elsevier}
}

@inproceedings{lecun1988theoretical,
  title={A theoretical framework for back-propagation},
  author={LeCun, Yann and Touresky, D and Hinton, G and Sejnowski, T},
  booktitle={Proceedings of the 1988 connectionist models summer school},
  volume={1},
  pages={21--28},
  year={1988},
  organization={CMU, Pittsburgh, Pa: Morgan Kaufmann}
}

@article{kingma2014adam,
  title={Adam: A method for stochastic optimization},
  author={Kingma, Diederik P and Ba, Jimmy},
  journal={arXiv preprint arXiv:1412.6980},
  year={2014}
}

@inproceedings{goodfellow2014generative,
  title={Generative adversarial nets},
  author={Goodfellow, Ian and Pouget-Abadie, Jean and Mirza, Mehdi and Xu, Bing and Warde-Farley, David and Ozair, Sherjil and Courville, Aaron and Bengio, Yoshua},
  booktitle={Advances in neural information processing systems},
  pages={2672--2680},
  year={2014}
}

@article{breiman2001random,
  title={Random forests},
  author={Breiman, Leo},
  journal={Machine learning},
  volume={45},
  number={1},
  pages={5--32},
  year={2001},
  publisher={Springer}
}

@misc{xkcd1838,
  title={xkcd: Machine Learning},
  howpublished={\url{https://xkcd.com/1838/}},
  note={Accessed: 2019-05-28}
}

@inproceedings{amanatiadis2008performance,
   author={A. {Amanatiadis} and I. {Andreadis}},
   booktitle={2008 IEEE International Workshop on Imaging Systems and Techniques},
   title={Performance evaluation techniques for image scaling algorithms},
   year={2008},
   volume={},
   number={},
   pages={114-118},
   keywords={image processing;interpolation;optical information processing;performance evaluation;performance evaluation techniques;image scaling algorithms;digital image scaling;interpolation scheme;zooming evaluation;Interpolation;Image edge detection;Algorithm design and analysis;Optical imaging;PSNR;Classification algorithms;Pixel;Method characterization;digital image scaling;performance assessment;zooming evaluation},
   doi={10.1109/IST.2008.4659952},
   ISSN={1558-2809},
   month={Sep.}
}

@misc{notmnist,
  title={Machine Learning, etc: notMNIST dataset},
  howpublished={\url{http://yaroslavvb.blogspot.com/2011/09/notmnist-dataset.html}},
  note={Written and published by Yaroslav Bulatov in september 2011}
}
@article{alipanahi2015predicting,
  title={Predicting the sequence specificities of DNA-and RNA-binding proteins by deep learning},
  author={Alipanahi, Babak and Delong, Andrew and Weirauch, Matthew T and Frey, Brendan J},
  journal={Nature biotechnology},
  volume={33},
  number={8},
  pages={831},
  year={2015},
  publisher={Nature Publishing Group}
}
